@unpublished{leroux2014modelisation,
  author       = {André-Yves LeRoux},
  title        = {Modélisation des écoulements dans leur environnement},
  year         = {2014},
  note         = {Preprint, disponible auprès de l’auteur},
}

@unpublished{CSIM-Hasler,
  author       = {Maximilian Hasler},
  title        = {Singular solutions to equations of fluid mechanics and dynamics near a hurricane’s eye},
  year         = {2019},
  note         = {Presentation, disponible auprès de l’auteur},
}

@misc{wikipediaCoriolis,
  author       = {{Wikipedia contributors}},
  title        = {Force de Coriolis — Wikipédia},
  year         = {2025},
  howpublished = {\url{https://fr.wikipedia.org/wiki/Force_de_Coriolis}},
  note         = {Consulté en avril 2025}
}

@misc{wikipediaEuler,
  author       = {{Wikipedia contributors}},
  title        = {Équation d'Euler — Wikipédia},
  year         = {2025},
  howpublished = {\url{https://fr.wikipedia.org/wiki/%C3%89quations_d%27Euler}},
  note         = {Consulté en avril 2025}
}

@misc{wikipediaNavierStokes,
  author       = {{Wikipedia contributors}},
  title        = {Équations de Navier-Stokes — Wikipédia},
  year         = {2025},
  howpublished = {\url{https://fr.wikipedia.org/wiki/%C3%89quations_de_Navier-Stokes}},
  note         = {Consulté en avril 2025}
}

@misc{wikipediaSaintVenant,
  author       = {{Wikipedia contributors}},
  title        = {Équations de Barré de Saint-Venant — Wikipédia},
  year         = {2025},
  howpublished = {\url{https://fr.wikipedia.org/wiki/%C3%89quations_de_Barr%C3%A9_de_Saint-Venant}},
  note         = {Consulté en avril 2025}
}

@online{latexsheet,
  author       = {Will Robertson},
  title        = {LaTeX Cheat Sheet},
  year         = {2023},
  url          = {https://wch.github.io/latexsheet/latexsheet-a4.pdf},
  note         = {Consulté en avril 2025}
}

@manual{overleafbibtex,
  title        = {Overleaf - Bibliography management with BibTeX},
  year         = {2025},
  url          = {https://www.overleaf.com/learn/latex/Bibliography_management_with_bibtex},
  note         = {Documentation Overleaf}
}
